<?xml version="1.0" encoding="UTF-8"?>
<collection xmlns:xsi="http://www.w3.org/2001/XMLSchema-instance" xsi:schemaLocation="http://www.loc.gov/MARC21/slim http://www.loc.gov/standards/marcxml/schema/MARC21slim.xsd" xmlns="http://www.loc.gov/MARC21/slim">
<record>
  <leader>02398cam a22004211i 4500</leader>
  <controlfield tag="001">1480024</controlfield>
  <controlfield tag="003">NNC</controlfield>
  <controlfield tag="005">20140919141308.0</controlfield>
  <controlfield tag="008">890508s1973    ir       b    000 0 arar </controlfield>
  <datafield tag="010" ind1=" " ind2=" ">
    <subfield code="a">   74960397 </subfield>
  </datafield>
  <datafield tag="035" ind1=" " ind2=" ">
    <subfield code="a">(OCoLC)ocm23490851</subfield>
  </datafield>
  <datafield tag="040" ind1=" " ind2=" ">
    <subfield code="a">DLC</subfield>
    <subfield code="b">eng</subfield>
    <subfield code="c">EYM</subfield>
    <subfield code="d">DLC</subfield>
    <subfield code="d">ORZ</subfield>
    <subfield code="d">OCLCF</subfield>
  </datafield>
  <datafield tag="035" ind1=" " ind2=" ">
    <subfield code="a">(OCoLC)23490851</subfield>
  </datafield>
  <datafield tag="042" ind1=" " ind2=" ">
    <subfield code="a">premarc</subfield>
  </datafield>
  <datafield tag="050" ind1="0" ind2="0">
    <subfield code="a">B430.A8</subfield>
    <subfield code="b">A7</subfield>
  </datafield>
  <datafield tag="049" ind1=" " ind2=" ">
    <subfield code="a">ZCUA</subfield>
  </datafield>
  <datafield tag="100" ind1="0" ind2=" ">
    <subfield code="6">880-01</subfield>
    <subfield code="a">Aristotle</subfield>
  </datafield>
  <datafield tag="240" ind1="1" ind2="0">
    <subfield code="a">Nicomachean ethics</subfield>
    <subfield code="l">Arabic</subfield>
  </datafield>
  <datafield tag="245" ind1="0" ind2="0">
    <subfield code="6">880-02</subfield>
    <subfield code="a">ʻIlm al-akhlāq ilá Nīqūmākhūs /</subfield>
    <subfield code="c">taʼlīf Aristūtālīs ; tarjamah min al-yūnānīyah ilá al-faransīyah wa saddarah bi-muqaddimah mumattaʻah fī ʻilm al-akhlāq wa-taṭawurātuh wa-ʻallaq ʻalayha taʻlīqāt tafsīrīyah Bārtalamy Sāntihlyr ; wa-naqalah ilá al-ʻarabīyah Aḥmad Luṭfī al-Sayyid.</subfield>
  </datafield>
  <datafield tag="260" ind1=" " ind2=" ">
    <subfield code="6">880-03</subfield>
    <subfield code="a">Teherān :</subfield>
    <subfield code="b">Intishārāt-i Āftāb,</subfield>
    <subfield code="c">[1973]</subfield>
  </datafield>
  <datafield tag="300" ind1=" " ind2=" ">
    <subfield code="a">2 v.</subfield>
  </datafield>
  <datafield tag="500" ind1=" " ind2=" ">
    <subfield code="a">Vol. 2 has added t.p.: Science of ethics.</subfield>
  </datafield>
  <datafield tag="500" ind1=" " ind2=" ">
    <subfield code="a">Reprint of the 1924 ed. published by Maṭbaʻat Dār al-Kutub al-Miṣrīyah, Cairo.</subfield>
  </datafield>
  <datafield tag="504" ind1=" " ind2=" ">
    <subfield code="a">Includes bibliographical references.</subfield>
  </datafield>
  <datafield tag="530" ind1=" " ind2=" ">
    <subfield code="a">Also issued online.</subfield>
  </datafield>
  <datafield tag="650" ind1=" " ind2="0">
    <subfield code="a">Ethics</subfield>
  </datafield>
  <datafield tag="650" ind1=" " ind2="7">
    <subfield code="a">Ethics.</subfield>
    <subfield code="2">fast</subfield>
    <subfield code="0">(OCoLC)fst00915833</subfield>
  </datafield>
  <datafield tag="700" ind1="1" ind2=" ">
    <subfield code="a">Barthélemy Saint-Hilaire, J.</subfield>
    <subfield code="q">(Jules),</subfield>
    <subfield code="d">1805-1895</subfield>
    <subfield code="e">ed.</subfield>
  </datafield>
  <datafield tag="740" ind1="0" ind2=" ">
    <subfield code="a">ʻIlm al-akhlāq ilá Nīqūmākhūs</subfield>
  </datafield>
  <datafield tag="740" ind1="0" ind2=" ">
    <subfield code="a">Science of ethics</subfield>
  </datafield>
  <datafield tag="776" ind1="0" ind2="8">
    <subfield code="i">Online version:</subfield>
    <subfield code="a">Aristotle.</subfield>
    <subfield code="s">Nicomachean ethics Arabic.</subfield>
    <subfield code="t">ʻIlm al-akhlāq ilá Nīqūmākhūs.</subfield>
    <subfield code="d">Teherān : Intishārāt-i Āftāb, [1973]</subfield>
    <subfield code="w">(OCoLC)607567581</subfield>
  </datafield>
  <datafield tag="776" ind1="0" ind2="8">
    <subfield code="i">Online version:</subfield>
    <subfield code="a">Aristotle.</subfield>
    <subfield code="s">Nicomachean ethics Arabic.</subfield>
    <subfield code="t">ʻIlm al-akhlāq ilá Nīqūmākhūs.</subfield>
    <subfield code="d">Teherān : Intishārāt-i Āftāb, [1973]</subfield>
    <subfield code="w">(OCoLC)608241253</subfield>
  </datafield>
  <datafield tag="880" ind1="0" ind2=" ">
    <subfield code="6">100-01/r</subfield>
    <subfield code="a">أرسطوطاليس.</subfield>
  </datafield>
  <datafield tag="880" ind1="0" ind2="0">
    <subfield code="6">245-02/r</subfield>
    <subfield code="a">علم الاخلاق الى نيقوماخوس /</subfield>
    <subfield code="c">تأليف ارسطوطاليس.</subfield>
  </datafield>
  <datafield tag="880" ind1=" " ind2=" ">
    <subfield code="6">260-03/r</subfield>
    <subfield code="a">تهران :</subfield>
    <subfield code="b">انتشاراتا آفتاب،</subfield>
    <subfield code="c">[1973]</subfield>
  </datafield>
  <datafield tag="880" ind1=" " ind2=" ">
    <subfield code="6">500-00/r</subfield>
    <subfield code="a">"ترجمة من اليونانية الى الفرنسية و صدرة بمقدمة ممتعة في علم الاخلاق وتطوراته وعلق عليه تعليقات تفسيرية بارتلمي سانتهلير ؛ ونقلة الى العربية احمد لطفي السيد."</subfield>
  </datafield>
  <datafield tag="880" ind1="0" ind2=" ">
    <subfield code="6">700-00/r</subfield>
    <subfield code="a">بارتلمي سانتهلير.</subfield>
  </datafield>
  <datafield tag="955" ind1=" " ind2=" ">
    <subfield code="b">CU01240927</subfield>
    <subfield code="d">off,glx</subfield>
    <subfield code="e">B430.A8 A7</subfield>
    <subfield code="v">v.2</subfield>
  </datafield>
</record>
</collection>